% Encoding: UTF-8

@Online{OVAM,
    author = {OVAM},
    title = {Monitor Voedselverlies 2020},
    date = {05-2023},
    url = {https://ovam.vlaanderen.be/nl/monitor-voedselverlies-2020},
}

@Online{Hykes, 2013,
    author = {Solomon Hykes},
    title = {The future of Linux Containers (PyCon 2013)},
    date = {2013-03-21},
    url = {https://www.youtube.com/watch?v=wW9CAH9nSLs},
    urldate = {2016-09-01},
}

@book{Goodfellow-et-al-2016,
    title = {Deep Learning},
    author = {Ian Goodfellow and Yoshua Bengio and Aaron Courville},
    publisher = {MIT Press},
    note = {\url{http://www.deeplearningbook.org}},
    year = {2016}
}

@Comment{jabref-meta: databaseType:biblatex;}
